@article{scheeres2001stability,
	author = 		{Scheeres, D and D. Guman, M and Villac, Benjamin},
	title = 		{Stability analysis of planetary aatellite orbiters: application to the Europa orbiter},
	volume = 		{24},
	number=			{4},
	pages=			{778--787},
	year=			{2001},
	journal= 		{Journal of Guidance Control and Dynamics}
}

@article{lara2010mission,
	title=			{Mission design through averaging of perturbed Keplerian systems: the paradigm of an Enceladus orbiter},
	author=			{Lara, Martin and Palacian, Jesus F and Russell, Ryan P},
	journal=		{Celestial Mechanics and Dynamical Astronomy},
	volume=			{108},
	number=			{1},
	pages=			{1--22},
	year=			{2010},
	publisher=		{Springer}
}

@article{paskowitz2006design,
	author = 		{Paskowitz, Marci. E. and Scheeres, D},
	title=			{Design of science orbits about planetary satellites: application to Europa},
	author=			{Lara, Martin and Palacian, Jesus F and Russell, Ryan P},
	journal=		{Celestial Mechanics and Dynamical Astronomy},
	volume=			{108},
	number=			{1},
	pages=			{1--22},
	year=			{2010},
	publisher=		{Springer}
}

@article{nakazawa1988hill,
	title=			{Hill's Approximation in the Three-Body Problem},
	author=			{Nakazawa, Kiyoshi and Ida, Shigeru},
	journal=		{Progress of Theoretical Physics Supplement},
	volume=			{96},
	pages=			{167--174},
	year=			{1988},
	publisher=		{Oxford University Press}
}

@article{schubert2004interior,
	title=			{Interior composition, structure and dynamics of the Galilean satellites},
	author=			{Schubert, G. and Anderson, John D. and Spohn, T. and McKinnon, W.B.},
	journal=		{Cambridge planetary science, Jupiter: The planet, satellites and magnetosphere},
	volume=			{1},
	pages=			{281 -- 306},
	year=			{2004},
	publisher=		{Cambridge University Press}
}

@inbook{goldstein2001classical,
	title=			{Classical Mechanics},
	edition=		{3th},
	author=			{Goldstein, Herbert},
	year=			{2001},  
	publisher=		{Pearson}
}

@inbook{scheeres2012orbital,
	title=			{Orbital Motion in Strongly Perturbed Environments},
	edition=		{3th},
	author=			{Scheeres, Daniel J.},
	year=			{2012},  
	publisher=		{Springer},
	chapter=		{17},	
	pages=			{327--340},
}

@inbook{scheeres2012orbital55,
	title=			{Orbital Motion in Strongly Perturbed Environments},
	edition=		{3th},
	author=			{Scheeres, Daniel J.},
	year=			{2012},  
	publisher=		{Springer},
	chapter=		{5.5},	
	pages=			{117--121},
}

@inbook{roy2004orbital,
	title=			{Orbital Motion},
	edition=		{4th},
	author=			{Roy, Archie  E},
	year=			{2004},
	publisher=		{Institute of Physics},
	chapter=		{7.4},
	pages=			{198--201}	
}

@inbook{curtis2004orbital,
	title=			{Orbital Mechanics for Engineering Students},
	edition=		{2th},
	author=			{Curtis, Howard D},
	year=			{2010},
	publisher=		{Elsevier}
	chapter=		{8.4},
	pages=			{437--441}	
}

@inbook{meirovitch1970methods,
	title=			{Methods of Analytical Dynamics},
	edition=		{1st},
	author=			{Meirovitch, Leonard},
	year=			{1970},
	chapter=		{7.4},
	pages=			{273--277}
	publisher=		{McGraw-Hill}
}

@techreport{nasa2011vision,
	author =        {{Committee on the Planetary Science Decadal Survey}},
	title =         {Vision and Voyages for the Planetary Science in the decade 2013-2023},
	institution =   {National Academy of Sciences},
	year= 			{2011},
	pages =         {4},
	url   =         {https://solarsystem.nasa.gov/resources/598/vision-and-voyages-for-planetary-science-in-the-decade-2013-2022/}
}

@techreport{esa2011juice,
	author =        {{The JUICE Science Study Team}},
	title =         {Juice: exploring the emergence of habitable worlds around gas giants},
	institution =   {European Space Agency},
	year = 			{2011},
	chapter=		{7.2.6},
	pages =         {91-94},
	url   =         {http://sci.esa.int/juice/49837-juice-assessment-study-report-yellow-book/}
}

@online{githubRepo,
	author = 		{Babio, Enrique},
	title = 		{https://github.com/ebabio/orbiterHillProblem.git},
	url = 			{https://github.com/ebabio/orbiterHillProblem.git},
	urldate = 		{2018-4-8}
}

@online{jplssd,
	author = {Jet Propulsion Lab - JPL},
	title = {Solar System Dynamics},
	url = {https://ssd.jpl.nasa.gov/?faq#A02},
	urldate = {2018-1-22},
	year = {2018}
}

@misc{longuskiaae690,
	author = 		{Longuski, James},
	title = 		{AAE 690 Notes},
	note = 			{Purdue University},
	year = 			{2018}
}